% -----
% BOOKS
% -----
@book{acpow, 
    author = {J. Frank, A. King, D. Raine},
    title = {Accretion Power in Astrophysics},
    year = {2002},
    publisher = {Cambridge University Press},
    address = {New York}
}

@book{numrecipes, 
    author = {W. H. Press, B. P. Flannery, S. A. Teukolsky, W. T. Vetterling},
    title = {Numerical Recipes - The Art of Scientific Computing},
    year = {2002},
    publisher = {Cambridge University Press},
    address = {New York}
}

@book{rybicky1979,
    author = {G. B. Rybicky, A. P. Lightman},
    title = {Radiative Processes in Astrophysics},
    year = {1979},
    publisher = {A Wiley-Interscience Publication},
    address = {New York},
    shorthand={Rybicky \& Lightman 1979}
}

@book{shapiro1983, 
    author = {S. L. Shapiro, S. A. Teukolsky},
    title = {Black holes, white dwarfs and neutron stars: the physics of compact objects},
    year = {1983},
    publisher = {A Wiley-Interscience Publication},
    address = {New York},
    shorthand={Shapiro \& Teukolsky (1983)}
}

% --------
% ARTICLES
% --------
@article{pringle1981,
    author = {J. E. Pringle},
    title = {Accretion Discs in Astrophysics},
    journal = {Annual review of astronomy and astrophysics},
    volume = {19},
    %number = "10",
    pages = {137--162},
    year = {1981},
    DOI = {http://dx.doi.org/10.1146/annurev.aa.19.090181.001033},
}

@article{faucet1999,
    author = {N. Fuchikami, S. Ishioka, K. Kiyono},
    title = {Simulation of a Dripping Faucet},
    journal = {Journal of the Physical Society of Japan},
    volume = {68},
    number = {4},
    pages = {1185--1196},
    year = {1999},
    DOI = {http://dx.doi.org/10.1143/JPSJ.68.1185},
}

@article{msmm1999,
    author = {K. Kiyono, N. Fuchikami},
    title = {Dripping Faucet Dynamics Clarified by an Inproved Mass-Spring Model},
    journal = {Journal of the Physical Society of Japan},
    volume = {68},
    number = {10},
    pages = {3259--3270},
    year = {1999},
    DOI = {http://dx.doi.org/10.1143/JPSJ.68.3259},
    shorthand = {Kyiono \& Fuchikami (1999)}
}

@article{yonehara1997,
    author = {A. Yonehara, S. Mineshige, W. F. Welsh},
    title = {Cellular-Automaton Model For Flickering of Cataclysmic Variables},
    journal = {The Astrophysical Journal},
    volume = {486},
    number = {1},
    pages = {388--396},
    year = {1997},
    DOI = {http://dx.doi.org/10.1086/304501},
    shorthand={Yonehara et al. (1997)}
}

@article{kley1997,
    author = {W. Kley, J. C. B. Papaloizou},
    title = {Causal viscosity in accretion disc boundary layers},
    journal = {Monthly Notices of the Royal Astronomical Society},
    volume = {285},
    pages = {239--252},
    year = {1997},
    shorthand={Kley \&  Papaloizou (1997)}
}

@article{lyubarskii1997,
    author = {Y. E. Lyubarskii},
    title = {Flicker noise in accretion discs},
    journal = {Monthly Notices of the Royal Astronomical Society},
    volume = {292},
    number = {3},
    pages = {679--685},
    year = {1997},
    DOI = {http://dx.doi.org/10.1093/mnras/292.3.679},
    shorthand={Lyubarskii (1997)}
}

@article{dobrotka2012,
    author = {A. Dobrotka, S. Mineshige, J. Casares},
    title = {A flickering study of nova-like systems KR Aur and UU Aqr},
    journal = {Monthly Notices of the Royal Astronomical Society},
    volume = {420},
    number = {3},
    pages = {2467--2474},
    year = {2012},
    DOI = {http://dx.doi.org/10.1111/j.1356-2966.2011.20210.x},
    shorthand={Dobrotka et al. (2012)}
}

@article{gardner1970,
    author = {M. Gardner},
    title = {MATHEMATICAL GAMES The fantastic combinations of John Conway's new solitare game "life"},
    journal = {Scientific American},
    volume = {223},
    number = {4},
    pages = {120--123},
    year = {1970},
    shorthand={Gardner (1970)}
}

@article{henize1949,
    author = {K. G. Henize},
    title = {Rapid Variations of AE Aquarii},
    journal = {The Astronomical Journal},
    volume = {54},
    number = {4},
    pages = {89--91},
    year = {1949},
    shorthand={Henize (1949)}
}

@article{lenouvel1954,
    author = {F. Lenouvel, D. Daguillon},
    title = {Observations Photo√©lectriquies de AE Aquarii},
    journal = {Annales d'Astrophysique},
    volume = {17},
    pages = {416--425},
    year = {1954},
    shorthand={Lenouvel \& Daquiloon (1954)}
}

@article{warner1971,
    author = {B. Warner, R. E. Nather},
    title = {Observations of Rapid Blue Variables -- II},
    journal = {Monthly Notices of the Royal Astronomical Society},
    volume = {152},
    pages = {219--229},
    year = {1971},
    shorthand={Warner \& Nather (1971)}
}

@article{young1996,
    author = {K. Young, J. D. Scargle},
    title = {The dripping handrail model: transient chaos in accretion systems},
    journal = {The Astrophysical Journal},
    volume = {468},
    pages = {617--632},
    year = {1996},
    shorthand={Young \& Scargle (1996)}
}

% ------------------------------------
% MISC (mostly personal communication)
% ------------------------------------

@misc{votruba,
    author={V. Votruba},
    date={2021},
    howpublished={Personal communication},
    shorthand={Votruba (2021)}
}

@misc{hroch,
    author={F. Hroch},
    date={2021},
    howpublished={Personal communication},
    shorthand={Hroch (2021)}
}
